@book{daryanani1976principles,
  title={Principles of active network synthesis and design},
  author={Daryanani, Gobind},
  year={1976},
  publisher={Wiley New York}
}

@misc{sedra2011microeletronica,
  title={Microeletr{\^o}nica. Quinta Edi{\c{c}}{\~a}o},
  author={Sedra, SA and Smith, Kenneth C},
  year={2011},
  publisher={Pearson Makron Books}
}